"Account","Date","ChkNum","Payee","Category","Class","Memo","Amount","Cleared","CurrencyCode","ExchangeRate","Balance"
"Offset Mortgage","28/12/2023","","Rollup","","","***Rollup***","195.00","*","GBP","1.0","195.00"
"Offset Mortgage","28/12/2023","","Rollup","Car","","","-200.00","*","GBP","1.0","-5.00"
"Sainsburys eSaver","28/03/2024","","Rollup","","","***Rollup***","15,012.67","*","GBP","1.0","15,007.67"
"Sainsburys eSaver","28/03/2024","","Rollup","Holiday","","","5,740.00","*","GBP","1.0","20,747.67"
"Sainsburys eSaver","28/03/2024","","Rollup","Interest","","","1,327.27","*","GBP","1.0","22,074.94"
"Everyday e-Saver","28/08/2024","","Rollup","","","***Rollup***","-5,309.18","*","GBP","1.0","16,765.76"
"Everyday e-Saver","28/08/2024","","Rollup","Firstdirect","","","6,900.00","*","GBP","1.0","23,665.76"
"Everyday e-Saver","28/08/2024","","Rollup","Interest","","","121.12","*","GBP","1.0","23,786.88"
"Everyday e-Saver","28/08/2024","","Rollup","Sharon","","","400.00","*","GBP","1.0","24,186.88"
"Everyday e-Saver","28/08/2024","","Rollup","Sharon:Cash","","","200.00","*","GBP","1.0","24,386.88"
"CashBack Card","30/08/2024","","Rollup","","","***Rollup***","122,476.00","*","GBP","1.0","146,862.88"
"CashBack Card","30/08/2024","","Rollup",":","","","800.00","*","GBP","1.0","147,662.88"
"CashBack Card","30/08/2024","","Rollup","Car","","","-547.79","*","GBP","1.0","147,115.09"
"CashBack Card","30/08/2024","","Rollup","Car:Petrol","","","-25,412.54","*","GBP","1.0","121,702.55"
"CashBack Card","30/08/2024","","Rollup","Car:Repair","","","-73.48","*","GBP","1.0","121,629.07"
"CashBack Card","30/08/2024","","Rollup","Children","","","-3,999.49","*","GBP","1.0","117,629.58"
"CashBack Card","30/08/2024","","Rollup","Children:Birthday","","","-1,542.23","*","GBP","1.0","116,087.35"
"CashBack Card","30/08/2024","","Rollup","Children:Christmas","","","-2,570.61","*","GBP","1.0","113,516.74"
"CashBack Card","30/08/2024","","Rollup","Children:Clothing","","","-2,452.66","*","GBP","1.0","111,064.08"
"CashBack Card","30/08/2024","","Rollup","Children:Gift","","","-270.08","*","GBP","1.0","110,794.00"
"CashBack Card","30/08/2024","","Rollup","Children:Health","","","-562.67","*","GBP","1.0","110,231.33"
"CashBack Card","30/08/2024","","Rollup","Children:Toys","","","-35.48","*","GBP","1.0","110,195.85"
"CashBack Card","30/08/2024","","Rollup","Christmas","","","-60.00","*","GBP","1.0","110,135.85"
"CashBack Card","30/08/2024","","Rollup","Church:Youth","","","-34.83","*","GBP","1.0","110,101.02"
"CashBack Card","30/08/2024","","Rollup","Dog","","","-161.60","*","GBP","1.0","109,939.42"
"CashBack Card","30/08/2024","","Rollup","Gift","","","-20.62","*","GBP","1.0","109,918.80"
"CashBack Card","30/08/2024","","Rollup","Gift:Birthday","","","-57.97","*","GBP","1.0","109,860.83"
"CashBack Card","30/08/2024","","Rollup","Gift:Christmas","","","-158.99","*","GBP","1.0","109,701.84"
"CashBack Card","30/08/2024","","Rollup","Gift:Church","","","-43.43","*","GBP","1.0","109,658.41"
"CashBack Card","30/08/2024","","Rollup","Groceries","","","-69,203.70","*","GBP","1.0","40,454.71"
"CashBack Card","30/08/2024","","Rollup","Groceries:Christmas","","","-1,218.89","*","GBP","1.0","39,235.82"
"CashBack Card","30/08/2024","","Rollup","Groceries:Meal","","","-1,165.61","*","GBP","1.0","38,070.21"
"CashBack Card","30/08/2024","","Rollup","Groceries:Meal:","","","-33.58","*","GBP","1.0","38,036.63"
"CashBack Card","30/08/2024","","Rollup","Holiday","","","-369.93","*","GBP","1.0","37,666.70"
"CashBack Card","30/08/2024","","Rollup","Holiday:Children","","","-89.98","*","GBP","1.0","37,576.72"
"CashBack Card","30/08/2024","","Rollup","Holiday:Gift","","","-92.75","*","GBP","1.0","37,483.97"
"CashBack Card","30/08/2024","","Rollup","Holiday:Groceries","","","-986.65","*","GBP","1.0","36,497.32"
"CashBack Card","30/08/2024","","Rollup","Holiday:Meal","","","-128.21","*","GBP","1.0","36,369.11"
"CashBack Card","30/08/2024","","Rollup","Holiday:Petrol","","","-1,238.15","*","GBP","1.0","35,130.96"
"CashBack Card","30/08/2024","","Rollup","House","","","-5,278.96","*","GBP","1.0","29,852.00"
"CashBack Card","30/08/2024","","Rollup","House:Bills","","","-10.00","*","GBP","1.0","29,842.00"
"CashBack Card","30/08/2024","","Rollup","House:Christmas","","","-186.21","*","GBP","1.0","29,655.79"
"CashBack Card","30/08/2024","","Rollup","NHS Discount","","","29.00","*","GBP","1.0","29,684.79"
"CashBack Card","30/08/2024","","Rollup","Other","","","-568.97","*","GBP","1.0","29,115.82"
"CashBack Card","30/08/2024","","Rollup","Personal","","","-2,196.86","*","GBP","1.0","26,918.96"
"CashBack Card","30/08/2024","","Rollup","Personal:Christmas","","","-109.99","*","GBP","1.0","26,808.97"
"CashBack Card","30/08/2024","","Rollup","Personal:Clothing","","","-1,127.23","*","GBP","1.0","25,681.74"
"CashBack Card","30/08/2024","","Rollup","Personal:Gift","","","-74.80","*","GBP","1.0","25,606.94"
"CashBack Card","30/08/2024","","Rollup","Personal:Health","","","-776.53","*","GBP","1.0","24,830.41"
"CashBack Card","30/08/2024","","Rollup","Personal:Meal","","","-963.63","*","GBP","1.0","23,866.78"
"CashBack Card","30/08/2024","","Rollup","Personal:Work","","","-401.20","*","GBP","1.0","23,465.58"
"CashBack Card","30/08/2024","","Rollup","Refumd","","","6.50","*","GBP","1.0","23,472.08"
"CashBack Card","30/08/2024","","Rollup","Refund","","","2,978.14","*","GBP","1.0","26,450.22"
"CashBack Card","30/08/2024","","Rollup","Shares","","","-5.00","*","GBP","1.0","26,445.22"
"CashBack Card","30/08/2024","","Rollup","Sharon","","","-454.44","*","GBP","1.0","25,990.78"
"CashBack Card","30/08/2024","","Rollup","Sharon:Birthday","","","-8.50","*","GBP","1.0","25,982.28"
"CashBack Card","30/08/2024","","Rollup","Sharon:Christmas","","","-100.59","*","GBP","1.0","25,881.69"
"CashBack Card","30/08/2024","","Rollup","Sharon:Clothing","","","-1,076.54","*","GBP","1.0","24,805.15"
"CashBack Card","30/08/2024","","Rollup","Sharon:Gift","","","-100.20","*","GBP","1.0","24,704.95"
"CashBack Card","30/08/2024","","Rollup","Sharon:Health","","","-256.95","*","GBP","1.0","24,448.00"
"CashBack Card","30/08/2024","","Rollup","Sharon:Meal","","","-4.75","*","GBP","1.0","24,443.25"
"Goldfish","30/08/2024","","Rollup","","","***Rollup***","294,929.50","*","GBP","1.0","319,372.75"
"Goldfish","30/08/2024","","Rollup","Buy Again","","","-43.96","*","GBP","1.0","319,328.79"
"Goldfish","30/08/2024","","Rollup","Car","","","-16,320.32","*","GBP","1.0","303,008.47"
"Goldfish","30/08/2024","","Rollup","Car:Petrol","","","-8,437.23","*","GBP","1.0","294,571.24"
"Goldfish","30/08/2024","","Rollup","Car:Repair","","","-1,848.96","*","GBP","1.0","292,722.28"
"Goldfish","30/08/2024","","Rollup","Children","","","-28,003.77","*","GBP","1.0","264,718.51"
"Goldfish","30/08/2024","","Rollup","Children:Birthday","","","-7,784.22","*","GBP","1.0","256,934.29"
"Goldfish","30/08/2024","","Rollup","Children:Celebration","","","-154.00","*","GBP","1.0","256,780.29"
"Goldfish","30/08/2024","","Rollup","Children:Child Care","","","-88.48","*","GBP","1.0","256,691.81"
"Goldfish","30/08/2024","","Rollup","Children:Christmas","","","-7,899.83","*","GBP","1.0","248,791.98"
"Goldfish","30/08/2024","","Rollup","Children:Clothing","","","-14,362.66","*","GBP","1.0","234,429.32"
"Goldfish","30/08/2024","","Rollup","Children:Clothing:","","","-29.98","*","GBP","1.0","234,399.34"
"Goldfish","30/08/2024","","Rollup","Children:Gift","","","-608.57","*","GBP","1.0","233,790.77"
"Goldfish","30/08/2024","","Rollup","Children:Health","","","-476.81","*","GBP","1.0","233,313.96"
"Goldfish","30/08/2024","","Rollup","Children:Holiday","","","-565.03","*","GBP","1.0","232,748.93"
"Goldfish","30/08/2024","","Rollup","Children:Meal","","","-193.35","*","GBP","1.0","232,555.58"
"Goldfish","30/08/2024","","Rollup","Children:Phone","","","-320.07","*","GBP","1.0","232,235.51"
"Goldfish","30/08/2024","","Rollup","Children:Toys","","","-295.11","*","GBP","1.0","231,940.40"
"Goldfish","30/08/2024","","Rollup","Christmas","","","-29.35","*","GBP","1.0","231,911.05"
"Goldfish","30/08/2024","","Rollup","Church","","","-14.60","*","GBP","1.0","231,896.45"
"Goldfish","30/08/2024","","Rollup","Correction","","","-2.03","*","GBP","1.0","231,894.42"
"Goldfish","30/08/2024","","Rollup","Dig","","","-8.00","*","GBP","1.0","231,886.42"
"Goldfish","30/08/2024","","Rollup","Dog","","","-4,199.37","*","GBP","1.0","227,687.05"
"Goldfish","30/08/2024","","Rollup","Dog:Health","","","-507.91","*","GBP","1.0","227,179.14"
"Goldfish","30/08/2024","","Rollup","Duplicate","","","19.75","*","GBP","1.0","227,198.89"
"Goldfish","30/08/2024","","Rollup","Fraud","","","-20.00","*","GBP","1.0","227,178.89"
"Goldfish","30/08/2024","","Rollup","Gift","","","-3,449.12","*","GBP","1.0","223,729.77"
"Goldfish","30/08/2024","","Rollup","Gift:Birthday","","","-1,363.99","*","GBP","1.0","222,365.78"
"Goldfish","30/08/2024","","Rollup","Gift:Christmas","","","-3,679.86","*","GBP","1.0","218,685.92"
"Goldfish","30/08/2024","","Rollup","Gift:Christmas:","","","-64.92","*","GBP","1.0","218,621.00"
"Goldfish","30/08/2024","","Rollup","Groceries","","","-41,662.05","*","GBP","1.0","176,958.95"
"Goldfish","30/08/2024","","Rollup","Groceries:","","","-67.21","*","GBP","1.0","176,891.74"
"Goldfish","30/08/2024","","Rollup","Groceries:Christmas","","","-546.81","*","GBP","1.0","176,344.93"
"Goldfish","30/08/2024","","Rollup","Groceries:Meal","","","-14,867.63","*","GBP","1.0","161,477.30"
"Goldfish","30/08/2024","","Rollup","Groceries:Meal:","","","-21.61","*","GBP","1.0","161,455.69"
"Goldfish","30/08/2024","","Rollup","Holiday","","","-22,481.48","*","GBP","1.0","138,974.21"
"Goldfish","30/08/2024","","Rollup","Holiday:Children","","","-1,577.68","*","GBP","1.0","137,396.53"
"Goldfish","30/08/2024","","Rollup","Holiday:Clothing","","","-267.08","*","GBP","1.0","137,129.45"
"Goldfish","30/08/2024","","Rollup","Holiday:Gift","","","-121.44","*","GBP","1.0","137,008.01"
"Goldfish","30/08/2024","","Rollup","Holiday:Groceries","","","-4,782.82","*","GBP","1.0","132,225.19"
"Goldfish","30/08/2024","","Rollup","Holiday:Meal","","","-7,477.30","*","GBP","1.0","124,747.89"
"Goldfish","30/08/2024","","Rollup","Holiday:Personal","","","-539.42","*","GBP","1.0","124,208.47"
"Goldfish","30/08/2024","","Rollup","Holiday:Petrol","","","-1,818.30","*","GBP","1.0","122,390.17"
"Goldfish","30/08/2024","","Rollup","Holiday:Rent","","","-6,643.99","*","GBP","1.0","115,746.18"
"Goldfish","30/08/2024","","Rollup","Holiday:Sharon","","","-42.04","*","GBP","1.0","115,704.14"
"Goldfish","30/08/2024","","Rollup","Holiday:Travel","","","-150.39","*","GBP","1.0","115,553.75"
"Goldfish","30/08/2024","","Rollup","House","","","-40,140.00","*","GBP","1.0","75,413.75"
"Goldfish","30/08/2024","","Rollup","House:Bills","","","-1,771.60","*","GBP","1.0","73,642.15"
"Goldfish","30/08/2024","","Rollup","House:Christmas","","","-149.85","*","GBP","1.0","73,492.30"
"Goldfish","30/08/2024","","Rollup","House:Repair","","","-1,098.20","*","GBP","1.0","72,394.10"
"Goldfish","30/08/2024","","Rollup","Household","","","-13.60","*","GBP","1.0","72,380.50"
"Goldfish","30/08/2024","","Rollup","Hpuse","","","-51.47","*","GBP","1.0","72,329.03"
"Goldfish","30/08/2024","","Rollup","Loan","","","-287.92","*","GBP","1.0","72,041.11"
"Goldfish","30/08/2024","","Rollup","Other","","","-2,091.72","*","GBP","1.0","69,949.39"
"Goldfish","30/08/2024","","Rollup","Other:Ray","","","-2,134.49","*","GBP","1.0","67,814.90"
"Goldfish","30/08/2024","","Rollup","Personal","","","-17,228.13","*","GBP","1.0","50,586.77"
"Goldfish","30/08/2024","","Rollup","Personal:Birthday","","","-188.95","*","GBP","1.0","50,397.82"
"Goldfish","30/08/2024","","Rollup","Personal:Christmas","","","-1,602.88","*","GBP","1.0","48,794.94"
"Goldfish","30/08/2024","","Rollup","Personal:Clothing","","","-5,137.98","*","GBP","1.0","43,656.96"
"Goldfish","30/08/2024","","Rollup","Personal:Gift","","","-983.36","*","GBP","1.0","42,673.60"
"Goldfish","30/08/2024","","Rollup","Personal:Health","","","-3,862.26","*","GBP","1.0","38,811.34"
"Goldfish","30/08/2024","","Rollup","Personal:Holiday","","","-159.59","*","GBP","1.0","38,651.75"
"Goldfish","30/08/2024","","Rollup","Personal:Meal","","","-5,957.42","*","GBP","1.0","32,694.33"
"Goldfish","30/08/2024","","Rollup","Personal:Phone","","","-281.48","*","GBP","1.0","32,412.85"
"Goldfish","30/08/2024","","Rollup","Personal:Work","","","-419.50","*","GBP","1.0","31,993.35"
"Goldfish","30/08/2024","","Rollup","Ray Witchalls","","","-252.29","*","GBP","1.0","31,741.06"
"Goldfish","30/08/2024","","Rollup","Refumd","","","31.49","*","GBP","1.0","31,772.55"
"Goldfish","30/08/2024","","Rollup","Refund","","","6,883.58","*","GBP","1.0","38,656.13"
"Goldfish","30/08/2024","","Rollup","Salary","","","150.00","*","GBP","1.0","38,806.13"
"Goldfish","30/08/2024","","Rollup","Sharon","","","-5,067.91","*","GBP","1.0","33,738.22"
"Goldfish","30/08/2024","","Rollup","Sharon:Birthday","","","-159.91","*","GBP","1.0","33,578.31"
"Goldfish","30/08/2024","","Rollup","Sharon:Christmas","","","-743.13","*","GBP","1.0","32,835.18"
"Goldfish","30/08/2024","","Rollup","Sharon:Clothing","","","-3,071.44","*","GBP","1.0","29,763.74"
"Goldfish","30/08/2024","","Rollup","Sharon:Gift","","","-435.10","*","GBP","1.0","29,328.64"
"Goldfish","30/08/2024","","Rollup","Sharon:Groceries","","","-36.19","*","GBP","1.0","29,292.45"
"Goldfish","30/08/2024","","Rollup","Sharon:Health","","","-2,585.06","*","GBP","1.0","26,707.39"
"Goldfish","30/08/2024","","Rollup","Sharon:Meal","","","-352.86","*","GBP","1.0","26,354.53"
"Goldfish","30/08/2024","","Rollup","Sharon:Phone","","","-49.00","*","GBP","1.0","26,305.53"
"Goldfish","30/08/2024","","Rollup","Sharon:Work","","","-439.68","*","GBP","1.0","25,865.85"
"Goldfish","30/08/2024","","Rollup","Work","","","-849.14","*","GBP","1.0","25,016.71"
"Goldfish","30/08/2024","","Rollup","Work:Expenses","","","-444.12","*","GBP","1.0","24,572.59"
"Goldfish","30/08/2024","","Rollup","Work:Meal","","","-193.93","*","GBP","1.0","24,378.66"
"Goldfish","30/08/2024","","Rollup","Work:Travel","","","-19.40","*","GBP","1.0","24,359.26"
"Barclays","30/08/2024","","Rollup","","","***Rollup***","-498,483.37","*","GBP","1.0","-474,124.11"
"Barclays","30/08/2024","","Rollup","Ansvar","","","2,346.36","*","GBP","1.0","-471,777.75"
"Barclays","30/08/2024","","Rollup","Aunt Flo","","","20.00","*","GBP","1.0","-471,757.75"
"Barclays","30/08/2024","","Rollup","Benefit","","","42,453.85","*","GBP","1.0","-429,303.90"
"Barclays","30/08/2024","","Rollup","Caoimhe","","","30.00","*","GBP","1.0","-429,273.90"
"Barclays","30/08/2024","","Rollup","Car","","","-743.41","*","GBP","1.0","-430,017.31"
"Barclays","30/08/2024","","Rollup","Car:Petrol","","","-60.00","*","GBP","1.0","-430,077.31"
"Barclays","30/08/2024","","Rollup","Car:Repair","","","-125.00","*","GBP","1.0","-430,202.31"
"Barclays","30/08/2024","","Rollup","Cash","","","180.00","*","GBP","1.0","-430,022.31"
"Barclays","30/08/2024","","Rollup","Children","","","-16,749.58","*","GBP","1.0","-446,771.89"
"Barclays","30/08/2024","","Rollup","Children:Birthday","","","-130.00","*","GBP","1.0","-446,901.89"
"Barclays","30/08/2024","","Rollup","Children:Cash","","","-20.00","*","GBP","1.0","-446,921.89"
"Barclays","30/08/2024","","Rollup","Children:Christmas","","","-390.00","*","GBP","1.0","-447,311.89"
"Barclays","30/08/2024","","Rollup","Children:Clothing","","","-165.00","*","GBP","1.0","-447,476.89"
"Barclays","30/08/2024","","Rollup","Children:Gift","","","92.00","*","GBP","1.0","-447,384.89"
"Barclays","30/08/2024","","Rollup","Children:Health","","","-133.93","*","GBP","1.0","-447,518.82"
"Barclays","30/08/2024","","Rollup","Children:Olen","","","20.00","*","GBP","1.0","-447,498.82"
"Barclays","30/08/2024","","Rollup","Children:Phone","","","-3,075.36","*","GBP","1.0","-450,574.18"
"Barclays","30/08/2024","","Rollup","Children:Pocket Money","","","-880.00","*","GBP","1.0","-451,454.18"
"Barclays","30/08/2024","","Rollup","Christmas","","","-270.00","*","GBP","1.0","-451,724.18"
"Barclays","30/08/2024","","Rollup","Dividend","","","912.95","*","GBP","1.0","-450,811.23"
"Barclays","30/08/2024","","Rollup","Dog","","","-3,220.80","*","GBP","1.0","-454,032.03"
"Barclays","30/08/2024","","Rollup","Firstdirect","","","-2,800.00","*","GBP","1.0","-456,832.03"
"Barclays","30/08/2024","","Rollup","Gift","","","1,795.18","*","GBP","1.0","-455,036.85"
"Barclays","30/08/2024","","Rollup","Gift:Birthday","","","-51.50","*","GBP","1.0","-455,088.35"
"Barclays","30/08/2024","","Rollup","Gift:Christmas","","","180.00","*","GBP","1.0","-454,908.35"
"Barclays","30/08/2024","","Rollup","Gift:Church","","","-10,500.00","*","GBP","1.0","-465,408.35"
"Barclays","30/08/2024","","Rollup","Groceries","","","-835.12","*","GBP","1.0","-466,243.47"
"Barclays","30/08/2024","","Rollup","Groceries:Meal","","","-1,656.99","*","GBP","1.0","-467,900.46"
"Barclays","30/08/2024","","Rollup","Holiday","","","-1,162.88","*","GBP","1.0","-469,063.34"
"Barclays","30/08/2024","","Rollup","Holiday:Cash","","","-1,509.32","*","GBP","1.0","-470,572.66"
"Barclays","30/08/2024","","Rollup","Holiday:Children","","","-40.00","*","GBP","1.0","-470,612.66"
"Barclays","30/08/2024","","Rollup","Holiday:Groceries","","","-80.00","*","GBP","1.0","-470,692.66"
"Barclays","30/08/2024","","Rollup","Holiday:Meal","","","-333.50","*","GBP","1.0","-471,026.16"
"Barclays","30/08/2024","","Rollup","House","","","-8,805.54","*","GBP","1.0","-479,831.70"
"Barclays","30/08/2024","","Rollup","House:Bills","","","-89,632.74","*","GBP","1.0","-569,464.44"
"Barclays","30/08/2024","","Rollup","House:Repair","","","-75.00","*","GBP","1.0","-569,539.44"
"Barclays","30/08/2024","","Rollup","J. Wilson","","","5.00","*","GBP","1.0","-569,534.44"
"Barclays","30/08/2024","","Rollup","K. Witchalls","","","40.00","*","GBP","1.0","-569,494.44"
"Barclays","30/08/2024","","Rollup","L. Ismay","","","1,550.00","*","GBP","1.0","-567,944.44"
"Barclays","30/08/2024","","Rollup","Lorraine Ismay","","","40.00","*","GBP","1.0","-567,904.44"
"Barclays","30/08/2024","","Rollup","M. Howard","","","1,080.00","*","GBP","1.0","-566,824.44"
"Barclays","30/08/2024","","Rollup","M. Ismay","","","120.00","*","GBP","1.0","-566,704.44"
"Barclays","30/08/2024","","Rollup","Other","","","546.76","*","GBP","1.0","-566,157.68"
"Barclays","30/08/2024","","Rollup","Personal","","","-1,048.12","*","GBP","1.0","-567,205.80"
"Barclays","30/08/2024","","Rollup","Personal:Cash","","","-6,685.59","*","GBP","1.0","-573,891.39"
"Barclays","30/08/2024","","Rollup","Personal:Cash:","","","-125.00","*","GBP","1.0","-574,016.39"
"Barclays","30/08/2024","","Rollup","Personal:Christmas","","","-45.00","*","GBP","1.0","-574,061.39"
"Barclays","30/08/2024","","Rollup","Personal:Gift","","","-65.00","*","GBP","1.0","-574,126.39"
"Barclays","30/08/2024","","Rollup","Personal:Health","","","-285.48","*","GBP","1.0","-574,411.87"
"Barclays","30/08/2024","","Rollup","Personal:Meal","","","-418.31","*","GBP","1.0","-574,830.18"
"Barclays","30/08/2024","","Rollup","Personal:Phone","","","-4,953.16","*","GBP","1.0","-579,783.34"
"Barclays","30/08/2024","","Rollup","Personal:Salary","","","2,960.82","*","GBP","1.0","-576,822.52"
"Barclays","30/08/2024","","Rollup","Peter","","","30.00","*","GBP","1.0","-576,792.52"
"Barclays","30/08/2024","","Rollup","R. Wilson","","","40.00","*","GBP","1.0","-576,752.52"
"Barclays","30/08/2024","","Rollup","R. Witchalls","","","150.00","*","GBP","1.0","-576,602.52"
"Barclays","30/08/2024","","Rollup","Ray Witchalls","","","800.00","*","GBP","1.0","-575,802.52"
"Barclays","30/08/2024","","Rollup","Refund","","","16,451.75","*","GBP","1.0","-559,350.77"
"Barclays","30/08/2024","","Rollup","Refund:Work","","","217.28","*","GBP","1.0","-559,133.49"
"Barclays","30/08/2024","","Rollup","Salary","","","598,220.72","*","GBP","1.0","39,087.23"
"Barclays","30/08/2024","","Rollup","Savings","","","20.00","*","GBP","1.0","39,107.23"
"Barclays","30/08/2024","","Rollup","Shares","","","7,182.25","*","GBP","1.0","46,289.48"
"Barclays","30/08/2024","","Rollup","Sharon:Cash","","","-16,235.00","*","GBP","1.0","30,054.48"
"Barclays","30/08/2024","","Rollup","Sharon:Christmas","","","-20.00","*","GBP","1.0","30,034.48"
"Barclays","30/08/2024","","Rollup","Sharon:Gift","","","-5.00","*","GBP","1.0","30,029.48"
"Barclays","30/08/2024","","Rollup","Sharon:Health","","","-636.00","*","GBP","1.0","29,393.48"
"Barclays","30/08/2024","","Rollup","Sharon:Phone","","","-3,670.66","*","GBP","1.0","25,722.82"
"Barclays","30/08/2024","","Rollup","Wilson","","","20.00","*","GBP","1.0","25,742.82"
"Firstdirect","30/08/2024","","Rollup","","","***Rollup***","23,241.35","*","GBP","1.0","48,984.17"
"Firstdirect","30/08/2024","","Rollup",":","","","-800.00","*","GBP","1.0","48,184.17"
"Firstdirect","30/08/2024","","Rollup","Car","","","-183.60","*","GBP","1.0","48,000.57"
"Firstdirect","30/08/2024","","Rollup","Car:Repair","","","-9,620.91","*","GBP","1.0","38,379.66"
"Firstdirect","30/08/2024","","Rollup","Car:Repair:","","","-377.31","*","GBP","1.0","38,002.35"
"Firstdirect","30/08/2024","","Rollup","Cash","","","-115.00","*","GBP","1.0","37,887.35"
"Firstdirect","30/08/2024","","Rollup","Children","","","-9,774.34","*","GBP","1.0","28,113.01"
"Firstdirect","30/08/2024","","Rollup","Children:Child Care","","","-549.50","*","GBP","1.0","27,563.51"
"Firstdirect","30/08/2024","","Rollup","Children:Christmas","","","-517.50","*","GBP","1.0","27,046.01"
"Firstdirect","30/08/2024","","Rollup","Children:Clothing","","","-482.50","*","GBP","1.0","26,563.51"
"Firstdirect","30/08/2024","","Rollup","Children:Gift","","","163.60","*","GBP","1.0","26,727.11"
"Firstdirect","30/08/2024","","Rollup","Children:Holiday","","","-470.00","*","GBP","1.0","26,257.11"
"Firstdirect","30/08/2024","","Rollup","Children:Pocket Money","","","-660.00","*","GBP","1.0","25,597.11"
"Firstdirect","30/08/2024","","Rollup","Children:Travel","","","-1,864.50","*","GBP","1.0","23,732.61"
"Firstdirect","30/08/2024","","Rollup","Christmas","","","-26.87","*","GBP","1.0","23,705.74"
"Firstdirect","30/08/2024","","Rollup","Corection","","","48.10","*","GBP","1.0","23,753.84"
"Firstdirect","30/08/2024","","Rollup","Dog","","","-1,585.00","*","GBP","1.0","22,168.84"
"Firstdirect","30/08/2024","","Rollup","Gift","","","325.00","*","GBP","1.0","22,493.84"
"Firstdirect","30/08/2024","","Rollup","Gift:Birthday","","","-50.00","*","GBP","1.0","22,443.84"
"Firstdirect","30/08/2024","","Rollup","Gift:Christmas","","","-200.00","*","GBP","1.0","22,243.84"
"Firstdirect","30/08/2024","","Rollup","Gift:Church","","","-34,870.00","*","GBP","1.0","-12,626.16"
"Firstdirect","30/08/2024","","Rollup","Groceries","","","-75.00","*","GBP","1.0","-12,701.16"
"Firstdirect","30/08/2024","","Rollup","Groceries:Meal","","","-245.00","*","GBP","1.0","-12,946.16"
"Firstdirect","30/08/2024","","Rollup","Holiday","","","-11,917.54","*","GBP","1.0","-24,863.70"
"Firstdirect","30/08/2024","","Rollup","Holiday:Cash","","","-2,961.66","*","GBP","1.0","-27,825.36"
"Firstdirect","30/08/2024","","Rollup","Holiday:Children","","","-550.00","*","GBP","1.0","-28,375.36"
"Firstdirect","30/08/2024","","Rollup","Holiday:Groceries","","","-128.03","*","GBP","1.0","-28,503.39"
"Firstdirect","30/08/2024","","Rollup","Holiday:Personal","","","-241.96","*","GBP","1.0","-28,745.35"
"Firstdirect","30/08/2024","","Rollup","Holiday:Rent","","","-550.40","*","GBP","1.0","-29,295.75"
"Firstdirect","30/08/2024","","Rollup","Holiday:Sharon","","","-60.00","*","GBP","1.0","-29,355.75"
"Firstdirect","30/08/2024","","Rollup","House","","","-9,706.84","*","GBP","1.0","-39,062.59"
"Firstdirect","30/08/2024","","Rollup","House:Bills","","","-806.30","*","GBP","1.0","-39,868.89"
"Firstdirect","30/08/2024","","Rollup","Lorraine Ismay","","","320.00","*","GBP","1.0","-39,548.89"
"Firstdirect","30/08/2024","","Rollup","Other","","","-125.00","*","GBP","1.0","-39,673.89"
"Firstdirect","30/08/2024","","Rollup","Personal","","","-240.01","*","GBP","1.0","-39,913.90"
"Firstdirect","30/08/2024","","Rollup","Personal:Cash","","","-330.00","*","GBP","1.0","-40,243.90"
"Firstdirect","30/08/2024","","Rollup","Personal:Holiday","","","-800.00","*","GBP","1.0","-41,043.90"
"Firstdirect","30/08/2024","","Rollup","Personal:Meal","","","-29.50","*","GBP","1.0","-41,073.40"
"Firstdirect","30/08/2024","","Rollup","Refund","","","1,864.18","*","GBP","1.0","-39,209.22"
"Firstdirect","30/08/2024","","Rollup","Salary:Sharon","","","70,062.13","*","GBP","1.0","30,852.91"
"Firstdirect","30/08/2024","","Rollup","Sharon","","","-421.96","*","GBP","1.0","30,430.95"
"Firstdirect","30/08/2024","","Rollup","Sharon:Cash","","","-235.00","*","GBP","1.0","30,195.95"
"Firstdirect","30/08/2024","","Rollup","Sharon:Gift","","","-183.00","*","GBP","1.0","30,012.95"
"Firstdirect","30/08/2024","","Rollup","Sharon:Health","","","-124.50","*","GBP","1.0","29,888.45"
"Firstdirect","01/09/2024","","Christchurch East Manchester","Gift:Church","","Tithe","-450.00","*","GBP","1.0","29,438.45"
"Barclays","01/09/2024","Direct Debit","High Peak Council","House:Bills","","Council tax","-261.00","*","GBP","1.0","29,177.45"
"Barclays","01/09/2024","Direct Debit","Aviva Life","House:Bills","","Life insurance","-22.69","*","GBP","1.0","29,154.76"
"Barclays","01/09/2024","","Eleanor Witchalls","Children","","","-15.00","*","GBP","1.0","29,139.76"
"Goldfish","01/09/2024","","BBC","House","","Tv license","-169.50","*","GBP","1.0","28,970.26"
"Goldfish","01/09/2024","","Tesco","Groceries","","","-8.00","*","GBP","1.0","28,962.26"
"Goldfish","01/09/2024","","Twinkl","Sharon","","Subscription","-10.99","*","GBP","1.0","28,951.27"
"Firstdirect","01/09/2024","","<CashBack Card>","","","","-750.00","*","GBP","1.0","28,201.27"
"CashBack Card","01/09/2024","","<Firstdirect>","","","","750.00","*","GBP","1.0","28,951.27"
"CashBack Card","01/09/2024","","Sainsburys","Groceries","","","-112.87","*","GBP","1.0","28,838.40"
"CashBack Card","01/09/2024","","Sainsburys","Groceries","","","-35.80","*","GBP","1.0","28,802.60"
"CashBack Card","01/09/2024","","Sainsburys","Car:Petrol","","","-59.84","*","GBP","1.0","28,742.76"
"Barclays","02/09/2024","","Sharon Witchalls","Sharon:Cash","","","-100.00","*","GBP","1.0","28,642.76"
"Goldfish","02/09/2024","","Northern Railway","Personal:Work","","","-9.90","*","GBP","1.0","28,632.86"
"CashBack Card","02/09/2024","","Sainsburys","Personal:Meal","","Lunch ","-7.00","*","GBP","1.0","28,625.86"
"Barclays","02/09/2024","Direct Debit","Petplan","Dog","","Insurance ","-70.48","*","GBP","1.0","28,555.38"
"Barclays","02/09/2024","Direct Debit","Premier Vet Allianz","Dog","","Victoria vets health plan","-22.00","*","GBP","1.0","28,533.38"
"Goldfish","03/09/2024","","Amazon","Personal:Work","","Book","-24.30","*","GBP","1.0","28,509.08"
"Goldfish","03/09/2024","","Blazepod","Personal:Health","","Starter pack","-279.00","*","GBP","1.0","28,230.08"
"Goldfish","03/09/2024","","Northern Railway","Personal:Work","","","-9.90","*","GBP","1.0","28,220.18"
"Goldfish","03/09/2024","","Giovannis Deli","Personal:Meal","","Lunch","-7.95","*","GBP","1.0","28,212.23"
"Goldfish","03/09/2024","","Padddle.Net","Personal:Work","","Magic utilities (2 years)","-40.53","*","GBP","1.0","28,171.70"
"Barclays","04/09/2024","","Vodaphone","Personal:Phone","","","-25.00","*","GBP","1.0","28,146.70"
"Goldfish","04/09/2024","","Tesco","Groceries","","","-13.75","*","GBP","1.0","28,132.95"
"Goldfish","05/09/2024","","Tesco","Groceries","","","-7.11","*","GBP","1.0","28,125.84"
"CashBack Card","05/09/2024","","Aldi","Groceries","","","-16.98","*","GBP","1.0","28,108.86"
"Barclays","06/09/2024","","Ray Witchalls","Refund","","","108.50","*","GBP","1.0","28,217.36"
"CashBack Card","06/09/2024","","Alidi","Groceries","","","-106.23","*","GBP","1.0","28,111.13"
"CashBack Card","06/09/2024","","Sainsburys","Car:Petrol","","","-87.07","*","GBP","1.0","28,024.06"
"Goldfish","07/09/2024","","Greggs","Holiday:Meal","","Lunch x3","-17.55","*","GBP","1.0","28,006.51"
"Goldfish","07/09/2024","","Greggs","Holiday:Meal","","Snacks x4","-11.40","*","GBP","1.0","27,995.11"
"Goldfish","07/09/2024","","Mcdonalds","Holiday:Meal","","Breakfast x3","-14.46","*","GBP","1.0","27,980.65"
"Goldfish","07/09/2024","","Marriots Warehouse","Holiday:Meal","","Drinks x4","-16.55","*","GBP","1.0","27,964.10"
"Goldfish","07/09/2024","","NCP","Holiday","","Parking","-3.80","*","GBP","1.0","27,960.30"
"Goldfish","07/09/2024","","NCP","Holiday","","","-0.95","*","GBP","1.0","27,959.35"
"CashBack Card","07/09/2024","","Pizza Hut","Holiday:Meal","","Dinner x5","-47.14","*","GBP","1.0","27,912.21"
"Goldfish","08/09/2024","","Ok Dinner","Holiday:Meal","","Dinner x4","-75.00","*","GBP","1.0","27,837.21"
"Goldfish","09/09/2024","","Northern Railway","Personal:Work","","","-9.90","*","GBP","1.0","27,827.31"
"CashBack Card","09/09/2024","","Sainsburys","Personal:Meal","","Breakfast x2","-3.40","*","GBP","1.0","27,823.91"
"CashBack Card","09/09/2024","","Sainsburys","Personal:Meal","","Lunch","-7.00","*","GBP","1.0","27,816.91"
"CashBack Card","09/09/2024","","Boots","Children:Health","","Caoimhe","-9.90","*","GBP","1.0","27,807.01"
"Goldfish","10/09/2024","","Northern Railway","Personal:Work","","","-9.90","*","GBP","1.0","27,797.11"
"Goldfish","10/09/2024","","Chillionrice","Personal:Meal","","Lunch","-9.00","*","GBP","1.0","27,788.11"
"CashBack Card","10/09/2024","","Tesco","Groceries","","","-2.46","*","GBP","1.0","27,785.65"
"CashBack Card","10/09/2024","","Sainsburys","Car:Petrol","","","-47.86","*","GBP","1.0","27,737.79"
"Barclays","11/09/2024","","Cash","Groceries:Meal","","Chinese x6","-60.00","*","GBP","1.0","27,677.79"
"Goldfish","12/09/2024","","Ryanair","Work:Travel","","","-109.97","*","GBP","1.0","27,567.82"
"Goldfish","12/09/2024","","Hair By Georgia","Sharon:Health","","","-70.00","*","GBP","1.0","27,497.82"
"CashBack Card","12/09/2024","","Aldi","Groceries","","","-15.61","*","GBP","1.0","27,482.21"
"Goldfish","13/09/2024","","Tesco","Groceries","","","-8.50","*","GBP","1.0","27,473.71"
"Goldfish","14/09/2024","","Mountain Warehouse","Personal:Clothing","","","-35.00","*","GBP","1.0","27,438.71"
"Goldfish","14/09/2024","","Mountain Warehouse","Sharon:Clothing","","Rucksack","-35.17","*","GBP","1.0","27,403.54"
"Goldfish","14/09/2024","","Pico Lounge","Personal","","Snacks x2","-14.10","*","GBP","1.0","27,389.44"
"Firstdirect","14/09/2024","100282","Booth, Ince & Knowles","House","","Deposit for title deed (garden) upgrade","-170.00","*","GBP","1.0","27,219.44"
"CashBack Card","14/09/2024","","Halfords","Car","","Yaris: Engine oil","-41.99","*","GBP","1.0","27,177.45"
"Goldfish","15/09/2024","","Mcdonalds","Personal:Meal","","Breakfast","-5.39","*","GBP","1.0","27,172.06"
"Goldfish","15/09/2024","","The Mill Tea Room","Groceries:Meal","","Lunch x6","-53.12","*","GBP","1.0","27,118.94"
"Firstdirect","15/09/2024","","Paul Graves","Groceries:Meal","","Refund","-7.00","*","GBP","1.0","27,111.94"
"Goldfish","16/09/2024","","Northern Railway","Personal:Work","","","-9.90","*","GBP","1.0","27,102.04"
"CashBack Card","16/09/2024","","Sainsburys","Personal:Meal","","Breakfast x2","-3.40","*","GBP","1.0","27,098.64"
"CashBack Card","16/09/2024","","Aldi","Groceries","","","-110.89","*","GBP","1.0","26,987.75"
"Goldfish","16/09/2024","","Giovannis Deli","Personal:Meal","","Lunch","-7.95","*","GBP","1.0","26,979.80"
"Goldfish","16/09/2024","","Chopstix","Personal:Meal","","Dinner","-9.78","*","GBP","1.0","26,970.02"
"Goldfish","16/09/2024","","Fun Cases","Sharon:Phone","","Phone case","-14.99","*","GBP","1.0","26,955.03"
"Goldfish","16/09/2024","","Amazon","Children:Phone","","Eirwen: Phone case","-14.99","*","GBP","1.0","26,940.04"
"Goldfish","17/09/2024","","Nisa","Sharon","","","-0.50","*","GBP","1.0","26,939.54"
"Goldfish","17/09/2024","","Tesco","Groceries","","","-15.19","*","GBP","1.0","26,924.35"
"Goldfish","17/09/2024","","Post Office","Sharon","","","-8.95","*","GBP","1.0","26,915.40"
"Firstdirect","17/09/2024","","BC Auto","Car:Repair","","","-318.00","*","GBP","1.0","26,597.40"
"Barclays","17/09/2024","","fonehouse.co.uk","Sharon:Phone","","Deposit","-9.00","*","GBP","1.0","26,588.40"
"Goldfish","18/09/2024","","Five Guys","Personal:Meal","","Dinner","-14.90","*","GBP","1.0","26,573.50"
"Goldfish","18/09/2024","","Five Guys","Personal:Meal","","Drink","-5.75","*","GBP","1.0","26,567.75"
"Goldfish","18/09/2024","","Northern Railway","Personal:Work","","","-9.90","*","GBP","1.0","26,557.85"
"CashBack Card","18/09/2024","","Sainsburys","Personal:Meal","","Lunch","-7.00","*","GBP","1.0","26,550.85"
"Barclays","20/09/2024","Direct Debit","United Utilities","House:Bills","","Water & Sewage","-76.68","*","GBP","1.0","26,474.17"
"Goldfish","20/09/2024","","Twig","Sharon","","","-12.35","*","GBP","1.0","26,461.82"
"Goldfish","20/09/2024","","Mcdonalds","Personal:Meal","","Dinner","-4.68","*","GBP","1.0","26,457.14"
"Goldfish","20/09/2024","","The Star Inn","Personal","","Drink","-5.00","*","GBP","1.0","26,452.14"
"Goldfish","20/09/2024","","The Star Inn","Personal","","","-4.00","*","GBP","1.0","26,448.14"
"Goldfish","20/09/2024","","The Palentine","Personal","","Drinks x2","-8.75","*","GBP","1.0","26,439.39"
"CashBack Card","20/09/2024","","Tesco","Groceries","","","-13.96","*","GBP","1.0","26,425.43"
"CashBack Card","20/09/2024","","Tesco","Groceries","","","-4.25","*","GBP","1.0","26,421.18"
"Firstdirect","20/09/2024","","R&R Heating","House","","Radiators x2","-624.00","*","GBP","1.0","25,797.18"
"Goldfish","20/09/2024","","Pets At Home","Dog","","","-53.18","*","GBP","1.0","25,744.00"
"Goldfish","21/09/2024","","Lymefield Garden Center","Personal:Meal","","Cakes & Pork pies x2","-11.00","*","GBP","1.0","25,733.00"
"Goldfish","21/09/2024","","Tesco","Groceries","","","-16.57","*","GBP","1.0","25,716.43"
"Goldfish","22/09/2024","","Netflix","House","","","-4.99","*","GBP","1.0","25,711.44"
"CashBack Card","22/09/2024","","Sainsburys","Groceries","","","-123.46","*","GBP","1.0","25,587.98"
"CashBack Card","22/09/2024","","Sainsburys","Car:Petrol","","","-48.37","*","GBP","1.0","25,539.61"
"Firstdirect","22/09/2024","","<CashBack Card>","","","","-200.00","*","GBP","1.0","25,339.61"
"CashBack Card","22/09/2024","","<Firstdirect>","","","","200.00","*","GBP","1.0","25,539.61"
"Goldfish","22/09/2024","","Queen Arms","Groceries:Meal","","Drinks x2","-7.55","*","GBP","1.0","25,532.06"
"Goldfish","22/09/2024","","Queen Spice","Groceries:Meal","","Meal x2","-47.35","*","GBP","1.0","25,484.71"
"Firstdirect","22/09/2024","","<CashBack Card>","","","","-75.00","*","GBP","1.0","25,409.71"
"CashBack Card","22/09/2024","","<Firstdirect>","","","","75.00","*","GBP","1.0","25,484.71"
"Barclays","23/09/2024","","Benefit Agency","Benefit","","Child benefit","170.20","*","GBP","1.0","25,654.91"
"Goldfish","23/09/2024","","Aerolite","Personal:Work","","Cabin case","-43.98","*","GBP","1.0","25,610.93"
"CashBack Card","24/09/2024","","Aldi","Groceries","","","-91.72","*","GBP","1.0","25,519.21"
"Barclays","24/09/2024","","Standard Life","Dividend","","","14.96","*","GBP","1.0","25,534.17"
"Barclays","24/09/2024","Direct Debit","ID Mobile","Children:Phone","","Eirwen ","-6.00","*","GBP","1.0","25,528.17"
"Barclays","24/09/2024","Direct Debit","ID Mobile","Children:Phone","","Olen","-17.99","*","GBP","1.0","25,510.18"
"Barclays","24/09/2024","Direct Debit","ID Mobile","Personal:Phone","","Final payment","-1.05","*","GBP","1.0","25,509.13"
"Goldfish","25/09/2024","","Tesco","Groceries","","","-3.60","*","GBP","1.0","25,505.53"
"Firstdirect","25/09/2024","","Derbyshire County Council","Salary:Sharon","","","1,000.40","*","GBP","1.0","26,505.93"
"Barclays","25/09/2024","","Datalex","Salary","","","5,260.43","*","GBP","1.0","31,766.36"
"Goldfish","26/09/2024","","Screwfix","House","","Kitchen tap","-128.99","*","GBP","1.0","31,637.37"
"Goldfish","26/09/2024","","Origin UK","House","","Bed mattress (guest room)","-689.00","*","GBP","1.0","30,948.37"
"Goldfish","27/09/2024","","Star Bucks","Personal","","Drink","-5.58","*","GBP","1.0","30,942.79"
"CashBack Card","27/09/2024","","M&S","Groceries:Meal","","Pudding","-13.00","*","GBP","1.0","30,929.79"
"Firstdirect","28/09/2024","","<Goldfish>","","","","-2,528.63","*","GBP","1.0","28,401.16"
"Goldfish","28/09/2024","","<Firstdirect>","","","","2,528.63","*","GBP","1.0","30,929.79"
"Goldfish","28/09/2024","","Amazon","Sharon:Work","","Key rings x10","-11.98","*","GBP","1.0","30,917.81"
"Goldfish","28/09/2024","","Amazon","Sharon","","Books x3","-18.79","*","GBP","1.0","30,899.02"
"Goldfish","28/09/2024","","Screwfix","House","","Sealant","-5.69","*","GBP","1.0","30,893.33"
"Goldfish","28/09/2024","","Tesco","Groceries","","","-25.87","*","GBP","1.0","30,867.46"
"Goldfish","28/09/2024","","Tesco","Groceries","","Beer","-6.50","*","GBP","1.0","30,860.96"
"Goldfish","28/09/2024","","George Street Loft","House","","Fuel","-135.75","*","GBP","1.0","30,725.21"
"Firstdirect","28/09/2024","","C. Walker","House","","Window cleaner","-13.00","*","GBP","1.0","30,712.21"
"CashBack Card","28/09/2024","","Boots","Children:Health","","Olen","-3.49","*","GBP","1.0","30,708.72"
"CashBack Card","28/09/2024","","Aldi","Groceries","","","-12.26","*","GBP","1.0","30,696.46"
"CashBack Card","28/09/2024","","Argos","Sharon:Work","","","-9.99","*","GBP","1.0","30,686.47"
"Barclays","28/09/2024","","<Firstdirect>","","","","-4,450.00","","GBP","1.0","26,236.47"
"Firstdirect","28/09/2024","","<Barclays>","","","","4,450.00","*","GBP","1.0","30,686.47"
"Everyday e-Saver","29/09/2024","","Firstdirect","Interest","","","3.89","*","GBP","1.0","30,690.36"
"CashBack Card","29/09/2024","","Sainsburys","Car:Petrol","","","-41.37","*","GBP","1.0","30,648.99"
"CashBack Card","29/09/2024","","Sainsburys","Refund","","Nectar points","5.00","*","GBP","1.0","30,653.99"
"Goldfish","29/09/2024","","Tesco","Groceries","","","-15.98","*","GBP","1.0","30,638.01"
"Barclays","30/09/2024","","O2","Sharon:Phone","","","-29.34","","GBP","1.0","30,608.67"
"Barclays","30/09/2024","Direct Debit","Utility Warehouse","House:Bills","Direct Debit","Gas","-105.86","","GBP","1.0","30,502.81"
"Barclays","30/09/2024","Direct Debit","Utility Warehouse","House:Bills","Direct Debit","Electric","-121.95","","GBP","1.0","30,380.86"
"Barclays","30/09/2024","Direct Debit","Utility Warehouse","House:Bills","Direct Debit","Phone, broadband etc","-53.97","","GBP","1.0","30,326.89"
"Barclays","30/09/2024","Direct Debit","Utility Warehouse","House:Bills","","House insurance","-27.19","","GBP","1.0","30,299.70"
"Barclays","30/09/2024","Direct Debit","Utility Warehouse","Refund","","","21.43","","GBP","1.0","30,321.13"
"Barclays","30/09/2024","","World Wildlife Fund","Children","","Eirwen","-3.00","","GBP","1.0","30,318.13"
"Firstdirect","01/10/2024","","Christchurch East Manchester","Gift:Church","","Tithe","-450.00","","GBP","1.0","29,868.13"
"Barclays","01/10/2024","Direct Debit","High Peak Council","House:Bills","","Council tax","-261.00","","GBP","1.0","29,607.13"
"Barclays","01/10/2024","Direct Debit","Aviva Life","House:Bills","","Life insurance","-22.69","","GBP","1.0","29,584.44"
"Barclays","01/10/2024","","Eleanor Witchalls","Children","","","-50.00","","GBP","1.0","29,534.44"
"Firstdirect","01/10/2024","","<CashBack Card>","","","","-800.00","","GBP","1.0","28,734.44"
"CashBack Card","01/10/2024","","<Firstdirect>","","","","800.00","","GBP","1.0","29,534.44"
"Goldfish","01/10/2024","","Costa","Sharon","","","-2.50","*","GBP","1.0","29,531.94"
"Goldfish","01/10/2024","","Tesco","Groceries:Meal","","Lunch x3","-15.71","*","GBP","1.0","29,516.23"
"Goldfish","01/10/2024","","Tesco","Groceries:Meal","","Lunch x1","-3.60","*","GBP","1.0","29,512.63"
"Goldfish","01/10/2024","","Peter Hughes","House","","Kitchen tap repair","-210.00","*","GBP","1.0","29,302.63"
"Goldfish","01/10/2024","","Jones Shoe & Repair","Sharon:Work","","School stuff","-2.00","*","GBP","1.0","29,300.63"
"Goldfish","01/10/2024","","Twinkl","Sharon","","Subscription","-10.99","*","GBP","1.0","29,289.64"
"CashBack Card","01/10/2024","","Aldi","Groceries","","","-29.87","","GBP","1.0","29,259.77"
"Barclays","02/10/2024","","Sharon Witchalls","Sharon:Cash","","","-100.00","","GBP","1.0","29,159.77"
"Barclays","02/10/2024","","Cash","Children","","Eirwen: Explorers","-25.00","","GBP","1.0","29,134.77"
"Barclays","02/10/2024","","Cash","Refund","","","25.00","","GBP","1.0","29,159.77"
"Goldfish","02/10/2024","","Tesco","Personal:Meal","","Lunch","-4.25","*","GBP","1.0","29,155.52"
"Barclays","02/10/2024","Direct Debit","Petplan","Dog","","Insurance ","-70.48","","GBP","1.0","29,085.04"
"Barclays","02/10/2024","Direct Debit","Premier Vet Allianz","Dog","","Victoria vets health plan","-22.00","","GBP","1.0","29,063.04"
"Goldfish","03/10/2024","","Uber","Work:Travel","","Airport taxi","-33.90","*","GBP","1.0","29,029.14"
"Goldfish","03/10/2024","","Tesco","Groceries","","","-12.09","*","GBP","1.0","29,017.05"
"Goldfish","03/10/2024","","Croke Park Hotel","Personal","","Drinks x2","-12.35","*","GBP","1.0","29,004.70"
"CashBack Card","03/10/2024","","Boots","Work:Expenses","","Breakfast","-4.99","","GBP","1.0","28,999.71"
"Barclays","04/10/2024","","Vodaphone","Personal:Phone","","","-25.00","","GBP","1.0","28,974.71"
"Barclays","04/10/2024","","Vodaphone","Sharon:Phone","","","-25.00","","GBP","1.0","28,949.71"
"Goldfish","04/10/2024","","Uber","Work:Travel","","Airport taxi (27.8 euros)","-23.45","*","GBP","1.0","28,926.26"
"Goldfish","04/10/2024","","W. H. Smith","Children","","Chocolate ","-15.18","*","GBP","1.0","28,911.08"
"Goldfish","04/10/2024","","Dub Nineteen","Work:Meal","","Drink","-2.83","*","GBP","1.0","28,908.25"
"Goldfish","04/10/2024","","Northern Railway","Work:Travel","","Travel home","-7.90","*","GBP","1.0","28,900.35"
"Goldfish","04/10/2024","","Burger King","Work:Meal","","Lunch","-9.76","*","GBP","1.0","28,890.59"
"Goldfish","04/10/2024","","eBay","Children","","Eirwen: Book","-5.86","*","GBP","1.0","28,884.73"
"Firstdirect","05/10/2024","","Olen Witchalls","Groceries","","Refund","-1.70","","GBP","1.0","28,883.03"
"CashBack Card","05/10/2024","","Pizza Hut","Groceries:Meal","","Dinner x6","-85.87","","GBP","1.0","28,797.16"
"CashBack Card","05/10/2024","","Pizza Hut","Groceries:Meal","","Drinks x4","-15.96","","GBP","1.0","28,781.20"
"Goldfish","06/10/2024","","Tesco","Groceries","","","-4.40","*","GBP","1.0","28,776.80"
"Goldfish","06/10/2024","","Amazon","Children:Clothing","","Eirwen ","-34.97","*","GBP","1.0","28,741.83"
"CashBack Card","06/10/2024","","Sainsburys","Car:Petrol","","","-46.68","","GBP","1.0","28,695.15"
"CashBack Card","06/10/2024","","Sainsburys","Groceries:Meal","","Lunch","-1.00","","GBP","1.0","28,694.15"
"CashBack Card","06/10/2024","","Aldi","Groceries","","","-98.23","","GBP","1.0","28,595.92"
"CashBack Card","07/10/2024","","Aldi","Groceries","","","-5.97","","GBP","1.0","28,589.95"
"Goldfish","07/10/2024","","Tesco","Personal:Meal","","Lunch","-3.60","","GBP","1.0","28,586.35"
"Goldfish","07/10/2024","","ao.com","House","","Rangemaster Professional Plus","-1,939.00","","GBP","1.0","26,647.35"
"Goldfish","07/10/2024","","ao.com","House","","AO 5* membership","-39.99","","GBP","1.0","26,607.36"
"Goldfish","08/10/2024","","Mcdonalds","Groceries:Meal","","","-12.98","","GBP","1.0","26,594.38"
"Goldfish","08/10/2024","","The Palentine","Personal","","Drinks x2","-8.48","","GBP","1.0","26,585.90"
"Goldfish","08/10/2024","","The Palentine","Personal","","","-3.95","","GBP","1.0","26,581.95"
"Goldfish","09/10/2024","","Limekiln Cafe","Sharon","","Lunch x2","-20.10","","GBP","1.0","26,561.85"
"Goldfish","10/10/2024","","Big Brekkie","Personal:Meal","","Lunch","-5.00","","GBP","1.0","26,556.85"
"Goldfish","10/10/2024","","Tesco","Groceries","","","-7.17","","GBP","1.0","26,549.68"
"Goldfish","10/10/2024","","Tesco","Groceries","","","-2.25","","GBP","1.0","26,547.43"
"Goldfish","10/10/2024","","Trafford College","Children","","Olen: Vienna trip (deposit)","-50.00","","GBP","1.0","26,497.43"
"CashBack Card","11/10/2024","","Boots","Children:Health","","","-15.69","","GBP","1.0","26,481.74"
"Goldfish","11/10/2024","","Peter Hughes","House","","Boiler drainage repair","-60.00","","GBP","1.0","26,421.74"
"Firstdirect","11/10/2024","","H. T. Pitceathly","Children","","Eirwen: Clarinet x3","-48.00","","GBP","1.0","26,373.74"
"Goldfish","12/10/2024","","Trishaz Treat","Groceries:Meal","","Lunch","-2.00","","GBP","1.0","26,371.74"
"Goldfish","12/10/2024","","Mcdonalds","Groceries:Meal","","Snacks x2","-9.47","","GBP","1.0","26,362.27"
"Goldfish","12/10/2024","","Costcutter","Groceries","","Biscuits","-2.35","","GBP","1.0","26,359.92"
"CashBack Card","12/10/2024","","Aldi","Groceries","","","-76.28","","GBP","1.0","26,283.64"
"Goldfish","13/10/2024","","Tesco","Groceries","","","-10.45","","GBP","1.0","26,273.19"
"CashBack Card","13/10/2024","","Sainsburys","Groceries","","","-156.52","","GBP","1.0","26,116.67"
"CashBack Card","13/10/2024","","Sainsburys","Groceries","","","-46.12","","GBP","1.0","26,070.55"
"CashBack Card","13/10/2024","","Sainsburys","Car:Petrol","","","-64.99","","GBP","1.0","26,005.56"
"CashBack Card","13/10/2024","","Sainsburys","Car:Petrol","","","-41.39","","GBP","1.0","25,964.17"
"Goldfish","14/10/2024","","Greggs","Personal:Meal","","Lunch","-7.15","","GBP","1.0","25,957.02"
"Goldfish","14/10/2024","","Chopstix","Personal:Meal","","Dinner","-7.79","","GBP","1.0","25,949.23"
"Goldfish","14/10/2024","","Northern Railway","Personal:Work","","","-9.90","","GBP","1.0","25,939.33"
"Goldfish","14/10/2024","","Amazon","Children","","Olen: Headphones","-24.99","","GBP","1.0","25,914.34"
"Goldfish","15/10/2024","","Pets At Home","Dog","","","-21.49","","GBP","1.0","25,892.85"
"Goldfish","15/10/2024","","Tesco","Groceries","","","-31.39","","GBP","1.0","25,861.46"
"Goldfish","15/10/2024","","The Rajni","Groceries:Meal","","Dinner x3","-28.60","","GBP","1.0","25,832.86"
"Barclays","16/10/2024","","Datalex","Refund","","Expenses for Team Event (Dublin)","192.37","","GBP","1.0","26,025.23"
"Goldfish","16/10/2024","","Northern Railway","Personal:Work","","","-9.90","","GBP","1.0","26,015.33"
"Goldfish","16/10/2024","","Tesco","Groceries","","","-7.30","","GBP","1.0","26,008.03"
"Goldfish","16/10/2024","","Nintendo","Children","","Subscription","-31.49","","GBP","1.0","25,976.54"
"Goldfish","16/10/2024","","Costa Coffee","Personal:Meal","","","-7.50","","GBP","1.0","25,969.04"
"CashBack Card","16/10/2024","","Boots","Personal:Health","","","-1.65","","GBP","1.0","25,967.39"
"Goldfish","17/10/2024","","Simply One Dental","Personal:Health","","Dentist","-26.80","","GBP","1.0","25,940.59"
"Goldfish","17/10/2024","","Simply One Dental","Personal:Health","","Hygienist deposit ","-20.00","","GBP","1.0","25,920.59"
"CashBack Card","17/10/2024","","Tameside Council","Personal","","Parking","-1.50","","GBP","1.0","25,919.09"
"Barclays","20/10/2024","Direct Debit","United Utilities","House:Bills","","Water & Sewage","-76.68","","GBP","1.0","25,842.41"
"Barclays","28/10/2024","","<Firstdirect>","","","","-700.00","","GBP","1.0","25,142.41"
"Firstdirect","28/10/2024","","<Barclays>","","","","700.00","","GBP","1.0","25,842.41"
"Firstdirect","28/10/2024","","<Goldfish>","","","","-2,838.81","","GBP","1.0","23,003.60"
"Goldfish","28/10/2024","","<Firstdirect>","","","","2,838.81","","GBP","1.0","25,842.41"
"Barclays","31/10/2024","Direct Debit","Utility Warehouse","House:Bills","Direct Debit","Gas","-105.86","","GBP","1.0","25,736.55"
"Barclays","31/10/2024","Direct Debit","Utility Warehouse","House:Bills","Direct Debit","Electric","-121.95","","GBP","1.0","25,614.60"
"Barclays","31/10/2024","Direct Debit","Utility Warehouse","House:Bills","Direct Debit","Phone, broadband etc","-53.97","","GBP","1.0","25,560.63"
"Barclays","31/10/2024","Direct Debit","Utility Warehouse","House:Bills","","House insurance","-27.19","","GBP","1.0","25,533.44"
"Barclays","31/10/2024","Direct Debit","Utility Warehouse","Refund","","","34.61","","GBP","1.0","25,568.05"
"Barclays","31/10/2024","Direct Debit","ID Mobile","Children:Phone","","Olen: Sept 2024","-3.99","","GBP","1.0","25,564.06"
"Barclays","31/10/2024","Direct Debit","ID Mobile","Children:Phone","","Eirwen ","-6.00","","GBP","1.0","25,558.06"
"Barclays","31/10/2024","Direct Debit","ID Mobile","Children:Phone","","Olen","-17.99","","GBP","1.0","25,540.07"
"Barclays","31/10/2024","Direct Debit","ID Mobile","Children:Phone","","Olen","-3.99","","GBP","1.0","25,536.08"
"Firstdirect","31/10/2024","","Reserve","House","","Front garden","-150.00","","GBP","1.0","25,386.08"
"Everyday e-Saver","31/12/2024","","Reserve","Sharon:Gift","","Gift from nana","-500.00","","GBP","1.0","24,886.08"
"Everyday e-Saver","31/12/2024","","Reserve","Sharon:Holiday","","","-150.00","","GBP","1.0","24,736.08"
"Everyday e-Saver","31/12/2024","","Reserve","Children","","Eirwen: Cash","-85.00","","GBP","1.0","24,651.08"
"Firstdirect","31/12/2024","","Reserve","House","","Balance for title deed (garden) upgrade","-357.48","","GBP","1.0","24,293.60"
"Everyday e-Saver","31/12/2024","","Reserve","Children","","Olen: School trip","-500.00","","GBP","1.0","23,793.60"
